<?xml version="1.0" encoding="UTF-8"?><collection xmlns="http://www.loc.gov/MARC21/slim"><record><leader>00314nam--2200121-i-4500</leader><controlfield tag="001">000045832</controlfield><controlfield tag="002">20161230</controlfield><controlfield tag="005">20161230201045</controlfield><controlfield tag="008">060222s1000------------r-----000-0-eng-d</controlfield><datafield ind1=" " ind2=" " tag="100"><subfield code="a">Tudbury,Chester A</subfield></datafield><datafield ind1=" " ind2=" " tag="245"><subfield code="a">Basic of induction heating</subfield></datafield><datafield ind1=" " ind2=" " tag="260"><subfield code="a">New York, John F.Rider Publ.Inc.,1960. Vi + 133 P</subfield></datafield><datafield ind1=" " ind2=" " tag="852"><subfield code="a">16844</subfield></datafield></record></collection>